<?xml version="1.0" encoding="UTF-8"?><collection><record><leader>05377ntm a2200601 a 4500</leader><controlfield tag="001">006822570</controlfield><controlfield tag="003">MiAaHDL</controlfield><controlfield tag="005">20190719000000.0</controlfield><controlfield tag="006">m        d        </controlfield><controlfield tag="007">cr bn ---auaua</controlfield><controlfield tag="008">090624s1487    xx            00| ||ota d</controlfield><datafield tag="035" ind1=" " ind2=" "><subfield code="a">(MiU)006822570</subfield></datafield><datafield tag="035" ind1=" " ind2=" "><subfield code="a">sdr-miu006822570</subfield></datafield><datafield tag="040" ind1=" " ind2=" "><subfield code="a">MiU</subfield><subfield code="c">MiU</subfield><subfield code="e">amremm</subfield></datafield><datafield tag="041" ind1="0" ind2=" "><subfield code="a">ota</subfield></datafield><datafield tag="043" ind1=" " ind2=" "><subfield code="a">n-us-mi</subfield></datafield><datafield tag="100" ind1="0" ind2=" "><subfield code="6">880-01</subfield><subfield code="a">Şeyhî,</subfield><subfield code="d">approximately 1373-approximately 1422.</subfield></datafield><datafield tag="240" ind1="1" ind2="0"><subfield code="6">880-02</subfield><subfield code="a">Husrev ü Şirin</subfield></datafield><datafield tag="245" ind1="1" ind2="0"><subfield code="6">880-03</subfield><subfield code="a">Kitab-ı Husrev Şirin,</subfield><subfield code="f">[892, i.e. 1487].</subfield></datafield><datafield tag="246" ind1="3" ind2=" "><subfield code="a">كتاب اوليا خسروشرين</subfield></datafield><datafield tag="246" ind1="3" ind2=" "><subfield code="a">Husrev ve Şirin</subfield></datafield><datafield tag="246" ind1="3" ind2="0"><subfield code="a">Husrev Şirin</subfield></datafield><datafield tag="246" ind1="3" ind2=" "><subfield code="i">Title from inscription on upper board lining:</subfield><subfield code="a">خسرو وشيرين لمولانا شيخى</subfield></datafield><datafield tag="260" ind1=" " ind2=" "><subfield code="c">[1487].</subfield></datafield><datafield tag="300" ind1=" " ind2=" "><subfield code="a">199 leaves :</subfield><subfield code="b">paper ;</subfield><subfield code="c">210 x 155 (150 x 99) mm.</subfield></datafield><datafield tag="500" ind1=" " ind2=" "><subfield code="a">Shelfmark: Ann Arbor, University of Michigan, Special Collections Library, Isl. Ms. 410</subfield></datafield><datafield tag="500" ind1=" " ind2=" "><subfield code="a">Origin: As appears in colophon on p.397, transcription completed 4 Ramaḍān 892 [ca. 24 August 1487].</subfield></datafield><datafield tag="500" ind1=" " ind2=" "><subfield code="a">Former shelfmark: "493 T. De M. [i.e. Tammaro De Marinis]" inscribed in pencil on interior of upper cover.</subfield></datafield><datafield tag="500" ind1=" " ind2=" "><subfield code="a">Binding: Pasteboards faced in marbled paper (mainly in blue and pink) with dark red leather over spine and edges / turn-ins (marbled paper faced and leather edged framed binding) ; Type III binding (without flap) ; board linings in untinted paper ; sewn in slate blue thread, two stations ; worked chevron endbands in slate blue and cream, only headband remains (and in fair condition) ; overall in somewhat poor condition with significant abrasion, staining, lifting and losses of paper and leather, upper cover and spine material (including spine lining) detaching, etc. ; repair to spine / upper joint in red textile.</subfield></datafield><datafield tag="500" ind1=" " ind2=" "><subfield code="a">Support: European laid paper of two types ; main type with 10 laid lines per cm. (vertical), chain lines spaced 32-35 mm. apart (horizontal), and watermark of scales / balances in circle (round scale) with star on pole above (see p.88, 108, 186, 310, etc. and compare Piccard no.117251 Udine 1479), quite sturdy and well-burnished ; at opening of codex, another type with about 10 laid lines per cm. (vertical), chain lines spaced 37 mm. apart (horizontal), and watermark of banner / flag / standard with cross on pole (see p.12, 28-29, 42, 48-49, 54, etc. and compare Briquet no. 5989 Palermo 1477 and Piccard nos. 122974 / 122975 Ulm 1478 - 1480).</subfield></datafield><datafield tag="500" ind1=" " ind2=" "><subfield code="a">Decoration: Keywords and headings rubricated ; written area (and columns within) surrounded by red rule-border ; simple 'tailpiece' in red consisting of floral motifs based on intersecting arcs within a circle flanks colophon.</subfield></datafield><datafield tag="500" ind1=" " ind2=" "><subfield code="a">Script: Naskh with some elements of nastaʻlīq (talik) ; elegant hand ; serifless with only slight effect of inclination to the right and of words descending to baseline, contrast in thickness of horizontal and vertical strokes, pointing (two and three dots) mainly in strokes rather than distinct dots, curvilinear descenders, some elongation of horizontal strokes ; extensively vocalized.</subfield></datafield><datafield tag="500" ind1=" " ind2=" "><subfield code="a">Layout: Written in 15 lines per page with written area mainly divided to two columns ; frame-ruled.</subfield></datafield><datafield tag="500" ind1=" " ind2=" "><subfield code="a">Collation: V-1 (9), 7 V(79), IV (87), 3 V(117), V-2 (125), 7 V(195), 4 (199) ; almost exclusively quinions ; catchwords present ; pagination in pencil, Western numerals, supplied during digitization.</subfield></datafield><datafield tag="500" ind1=" " ind2=" "><subfield code="a">Colophon: "Scribal," rectangular, reads "تمت بعون الله و حسن التوفيق تحريرا فى الرابع رمضان المبارك سنه اثنى وتسعين وثمانمائة"</subfield></datafield><datafield tag="500" ind1=" " ind2=" "><subfield code="a">Explicit: "اولا عرش افسرى كرسى سريرى جهان چاكر جهابان دستكيرى"</subfield></datafield><datafield tag="500" ind1=" " ind2=" "><subfield code="a">Incipit: "بحمد الواحد الاحد القديم وبسم الله ذى المين العظيم ..."</subfield></datafield><datafield tag="500" ind1=" " ind2=" "><subfield code="a">Title supplied by cataloguer.</subfield></datafield><datafield tag="500" ind1=" " ind2=" "><subfield code="a">Ms. codex.</subfield></datafield><datafield tag="510" ind1="4" ind2=" "><subfield code="a">Cat. Turk. MSS. Brit. Mus.,</subfield><subfield code="c">p.165 f.</subfield></datafield><datafield tag="520" ind1="8" ind2=" "><subfield code="a">Fine early copy of Şeyhî's celebrated Turkish version of the Persian allegorical romance, Khusraw va Shīrīn.</subfield></datafield><datafield tag="538" ind1=" " ind2=" "><subfield code="a">Mode of access: Internet.</subfield></datafield><datafield tag="541" ind1=" " ind2=" "><subfield code="c">Purchase ;</subfield><subfield code="a">Acquired by purchase (funds donated by Horace Rackham).</subfield><subfield code="d">1924.</subfield></datafield><datafield tag="546" ind1=" " ind2=" "><subfield code="a">Ottoman Turkish.</subfield></datafield><datafield tag="561" ind1=" " ind2=" "><subfield code="a">Two ownership statements on upper board lining in name of Ahmet Ferit ( احمد فريد / Aḥmad Farīd ), a teacher (müderris / مدرس / mudarris) in Istanbul ( دار الخلافة العلية ), "من كتب الفقير احمد فريد المدرس بدار الخلافه العليه ..." ; ownership statement on 'title page' (p.1) in name of one İbrahim bin Mehmet ( ابراهيم بن محمد / Ibrāhīm ibn Muḥammad ) ; book price on final leaf (p.398).</subfield></datafield><datafield tag="650" ind1=" " ind2="0"><subfield code="a">Manuscripts, Turkish</subfield><subfield code="z">Michigan</subfield><subfield code="z">Ann Arbor.</subfield></datafield><datafield tag="650" ind1=" " ind2="0"><subfield code="a">Masnavis, Turkish</subfield><subfield code="v">Early works to 1800.</subfield></datafield><datafield tag="650" ind1=" " ind2="0"><subfield code="a">Turkish poetry</subfield><subfield code="v">Early works to 1800.</subfield></datafield><datafield tag="700" ind1="0" ind2=" "><subfield code="a">Abdülhamid</subfield><subfield code="b">II,</subfield><subfield code="c">Sultan of the Turks,</subfield><subfield code="d">1842-1918,</subfield><subfield code="e">former owner.</subfield></datafield><datafield tag="773" ind1="0" ind2=" "><subfield code="a">Abdul Hamid Collection.</subfield></datafield><datafield tag="880" ind1="1" ind2="0"><subfield code="6">245-03/</subfield><subfield code="a">كتاب خسروشيرين,</subfield><subfield code="f">[892ه, 1487م].</subfield></datafield><datafield tag="880" ind1="1" ind2="0"><subfield code="6">240-02/</subfield><subfield code="a">خسرو وشيرين</subfield></datafield><datafield tag="880" ind1="0" ind2=" "><subfield code="6">100-01/</subfield><subfield code="a">شيخي.</subfield></datafield><datafield tag="CID" ind1=" " ind2=" "><subfield code="a">006822570</subfield></datafield><datafield tag="DAT" ind1="0" ind2=" "><subfield code="a">20190719102640.0</subfield><subfield code="b">20190719000000.0</subfield></datafield><datafield tag="DAT" ind1="1" ind2=" "><subfield code="a">20190719090653.0</subfield><subfield code="b">2019-07-19T16:12:08Z</subfield></datafield><datafield tag="DAT" ind1="2" ind2=" "><subfield code="a">2015-10-10T18:00:06Z</subfield></datafield><datafield tag="CAT" ind1=" " ind2=" "><subfield code="a">SDR-MIU</subfield><subfield code="d">EX LIBRIS - ALEPH</subfield><subfield code="l">prepare.pl-004-008</subfield></datafield><datafield tag="FMT" ind1=" " ind2=" "><subfield code="a">BK</subfield></datafield><datafield tag="HOL" ind1=" " ind2=" "><subfield code="0">sdr-miu006822570</subfield><subfield code="a">MiU</subfield><subfield code="b">SDR</subfield><subfield code="c">MIU</subfield><subfield code="p">mdp.39015079130772</subfield><subfield code="s">MIU</subfield><subfield code="1">006822570</subfield></datafield><datafield tag="974" ind1=" " ind2=" "><subfield code="b">MIU</subfield><subfield code="c">MIU</subfield><subfield code="d">20190719</subfield><subfield code="s">lit-dlps-dc</subfield><subfield code="u">mdp.39015079130772</subfield><subfield code="y">1487</subfield><subfield code="r">pd</subfield><subfield code="q">bib</subfield><subfield code="t">non-US bib date1 &lt; 1896</subfield></datafield></record></collection>